

@inproceedings{agrawal07,
	author       = {Manindra Agrawal and
		Thanh Minh Hoang and
		Thomas Thierauf},
	editor       = {Wolfgang Thomas and
		Pascal Weil},
	title        = {The Polynomially Bounded Perfect Matching Problem Is in {NC} \({}^{\mbox{2}}\)},
	booktitle    = {{STACS} 2007, 24th Annual Symposium on Theoretical Aspects of Computer
		Science, Aachen, Germany, February 22-24, 2007, Proceedings},
	series       = {Lecture Notes in Computer Science},
	volume       = {4393},
	pages        = {489--499},
	publisher    = {Springer},
	year         = {2007},
	url          = {https://doi.org/10.1007/978-3-540-70918-3\_42},
	doi          = {10.1007/978-3-540-70918-3\_42},
	timestamp    = {Tue, 14 May 2019 10:00:48 +0200},
	biburl       = {https://dblp.org/rec/conf/stacs/AgrawalHT07.bib},
	bibsource    = {dblp computer science bibliography, https://dblp.org}
}

@inproceedings{htm10,
	author={Hoang, Thanh Minh},
	booktitle={2010 IEEE 25th Annual Conference on Computational Complexity}, 
	title={On the Matching Problem for Special Graph Classes}, 
	year={2010},
	volume={},
	number={},
	pages={139-150},
	doi={10.1109/CCC.2010.21}
}

@inproceedings{datta18,
	title = {Planar Maximum Matching: Towards a Parallel Algorithm},
	author = {Samir Datta and Raghav Kulkarni and Ashish Kumar and Anish Mukherjee 0001},
	year = {2018},
	doi = {10.4230/LIPIcs.ISAAC.2018.21},
	url = {https://doi.org/10.4230/LIPIcs.ISAAC.2018.21},
	researchr = {https://researchr.org/publication/DattaKK018},
	cites = {0},
	citedby = {0},
	booktitle = {29th International Symposium on Algorithms and Computation, ISAAC 2018, December 16-19, 2018, Jiaoxi, Yilan, Taiwan},
	editor = {Wen-Lian Hsu and Der-Tsai Lee and Chung-Shou Liao},
	volume = {123},
	series = {LIPIcs},
	publisher = {Schloss Dagstuhl - Leibniz-Zentrum fuer Informatik},
	isbn = {978-3-95977-094-1},
}
